@online{art:multimodelqa,
    title   = {MULTIMODALQA: COMPLEX QUESTION ANSWERING OVER TEXT TABLES AND IMAGES},
    author  = {Alon Talmor - Ori Yoran - Amnon Catav - Dan Lahav - Yizhong Wang - Akari Asai - Gabriel Ilharco - Hannaneh Hajishirzi - Jonathan Berant},
    url     = {https://arxiv.org/abs/2104.06039}
}

@online{site:siav-spa,
    title   = {Siav S.p.A.},
    url     = {https://www.siav.com/it/}
}

@online{site:weaviate-distance-metrics,
    title  = {Weaviate - What are Distance Metrics in Vector Search?},
    url    = {https://weaviate.io/blog/distance-metrics-in-vector-search}
}

@online{site:weaviate-hybrid-search,
    title  = {Weaviate - Hybrid Search Explained},
    url    = {https://weaviate.io/blog/hybrid-search-explained}
}

@online{site:openAI-API,
    title  = {API openAI - models},
    url    = {https://platform.openai.com/docs/introduction}
}

@online{site:Pandas,
    title = {Pandas},
    url = {https://pandas.pydata.org/}
}

@online{site:Tika-Python,
    title = {Tika-python},
    url = {https://github.com/chrismattmann/tika-python}
}

@online{site:pdfplumber,
    title = {pdfplumber},
    url = {https://github.com/jsvine/pdfplumber}
}

@online{site:python_docx,
    title = {python-docx},
    url = {https://python-docx.readthedocs.io/en/latest/}
}

@online{site:BeautifulSoup,
    title = {BeautifulSoup},
    url = {https://www.crummy.com/software/BeautifulSoup/bs4/doc/}
}

@online{site:openAI-API,
    title = {openAI API},
    url = {https://platform.openai.com/docs/introduction}
}

@online{site:wikiOkapi,
    title = {Wikipedia - Okapi BM25},
    url = {https://en.wikipedia.org/wiki/Okapi_BM25}
}